@article{smith2024adaptive,
  title={Adaptive Learning Systems in Early Childhood Education},
  author={Smith, John A. and Johnson, Mary B.},
  journal={Educational Technology Research},
  volume={45},
  number={3},
  pages={123--145},
  year={2024},
  publisher={IEEE}
}

@inproceedings{wilson2023interactive,
  title={Interactive Play Interfaces for Child Development},
  author={Wilson, Alice C. and Brown, David E.},
  booktitle={Proceedings of the International Conference on Educational Technology},
  pages={67--82},
  year={2023},
  organization={ACM}
}

@book{doe2022child,
  title={Child Development and Technology Integration},
  author={Doe, Jane F.},
  publisher={Academic Press},
  year={2022},
  edition={3rd}
}

@techreport{consumer2023safety,
  title={Consumer Product Safety Standards for Electronic Toys},
  author={{Consumer Product Safety Commission}},
  institution={CPSC},
  year={2023},
  number={CPSC-RPT-23-001}
}